
@misc{imani2022label,
      title={Label Alignment Regularization for Distribution Shift}, 
      author={Ehsan Imani and Guojun Zhang and Jun Luo and Pascal Poupart and Yangchen Pan},
      year={2022},
      eprint={2211.14960},
      archivePrefix={arXiv},
      primaryClass={cs.LG}
}

@article{imani2022representation,
title={Representation Alignment in Neural Networks},
author={Ehsan Imani and Wei Hu and Martha White},
journal={Transactions on Machine Learning Research},
issn={2835-8856},
year={2022},
url={https://openreview.net/forum?id=fLIWMnZ9ij},
note={}
}